@book{wald,
author = {Robert M. Wald},
title = {Quantum field theory in curved spacetimes and black hole thermodynamics},
year = {1994},
}

